@incollection {AudLaf94,
    AUTHOR = {Lafontaine, Jacques and Audin, Mich\`ele},
     TITLE = {Introduction: applications of pseudo-holomorphic curves to
              symplectic topology},
 BOOKTITLE = {Holomorphic curves in symplectic geometry},
    SERIES = {Progr. Math.},
    VOLUME = {117},
     PAGES = {1--14},
 PUBLISHER = {Birkh\"{a}user, Basel},
      YEAR = {1994},
   MRCLASS = {58F05 (58E15)},
  MRNUMBER = {1274924},
       DOI = {10.1007/978-3-0348-8508-9\_1},
       URL = {https://doi.org/10.1007/978-3-0348-8508-9_1},
}


@article{chekanov1998,
  title={Lagrangian intersections, symplectic energy, and areas of holomorphic curves},
  author={Yu. V. Chekanov},
  journal={Duke Mathematical Journal},
  year={1998},
  volume={95},
  pages={213-226}
}
@misc{evans2021atfs,
  doi = {10.48550/ARXIV.2110.08643},
  url = {https://arxiv.org/abs/2110.08643},
  author = {Evans, Jonathan David},
  keywords = {Symplectic Geometry (math.SG), Algebraic Geometry (math.AG), Differential Geometry (math.DG), Geometric Topology (math.GT), FOS: Mathematics, FOS: Mathematics},
  title = {Lectures on Lagrangian torus fibrations},
  publisher = {arXiv},
  year = {2021},
  copyright = {arXiv.org perpetual, non-exclusive license}
}

@article {EvaSmi18,
    AUTHOR = {Evans, Jonathan David and Smith, Ivan},
     TITLE = {Markov numbers and {L}agrangian cell complexes in the complex
              projective plane},
   JOURNAL = {Geom. Topol.},
  FJOURNAL = {Geometry \& Topology},
    VOLUME = {22},
      YEAR = {2018},
    NUMBER = {2},
     PAGES = {1143--1180},
      ISSN = {1465-3060},
   MRCLASS = {53D35 (14J17 53D42)},
  MRNUMBER = {3748686},
MRREVIEWER = {Alexander Fel\cprime shtyn},
       DOI = {10.2140/gt.2018.22.1143},
       URL = {https://doi.org/10.2140/gt.2018.22.1143},
}

@article{chekanovschlenk2015,
  title={Lagrangian product tori in tame symplectic manifolds},
  author={Yu. V. Chekanov and Felix Schlenk},
  journal={arXiv: Symplectic Geometry},
  year={2015}
}

@incollection{sikorav1994,
  author    = "Jean-Claude Sikorav",
  title     = "Some properties of holomorphic curves
in almost complex manifolds",
  booktitle = "Holomorphic Curves in Symplectic Geometry",
  publisher = "Birkhäuser Verlag",
  year      = "1994",
  editor    = "Michèle Audin and Jacques Lafontaine",
  volume    = "117",
  series    = "Progress in Mathematics",
}

@article{symington2002FourDF,
  title={Four dimensions from two in symplectic topology},
  author={Margaret Symington},
  journal={arXiv: Symplectic Geometry},
  year={2002}
}

@misc{mcduff2011displacing,
      title={Displacing Lagrangian toric fibers via probes}, 
      author={Dusa McDuff},
      year={2011},
      eprint={0904.1686},
      archivePrefix={arXiv},
      primaryClass={math.SG}
}

@misc{brendel2020real,
      title={Real Lagrangian Tori and Versal Deformations}, 
      author={Joé Brendel},
      year={2020},
      eprint={2002.03696},
      archivePrefix={arXiv},
      primaryClass={math.SG}
}

@article{ono2008LagrangianFlux,
  title={A question analogous to the flux conjecture concerning Lagrangian submanifolds},
  author={Kaoru Ono},
  year={2008},
  journal={Proceedings of Gökova Geometry-Topology Conference 2007},
  pages={1-14}
}
